00100000         100070116028106000106608001411222  0032470000000592374 EMPRESA ABC                   BANCO DO BRASIL S.A                     10802202418355300000000000000                                                      000            
00100011R01  000 1000070116028106000106608001400027  00324700000005923740EMPRESA ABC                                                                                                   000000000802202400000000                                 
0010001300001P 01003247000000059237401800001             41220DEV180001      3004201800000000000050000000 02N050420182300420180000000000001000000000000000000000000000000000000000000000000000000001800001                  1900000090000000000 
0010001300002Q 011000063803588464ELIAS ALVES                             RUA ESQUERDA, 42                        BAIRRO QUELUZ  36400000CONSELHEIRO LAFMG0000000000000000                                        001                            
00100015         000004                                                                                                                                                                                                                         
00199999         000001000006                                                                                                                                                                                                                   