00100000         100070116028106000106608001411222  0032470000000592374 EMPRESA ABC                   BANCO DO BRASIL S.A                     12603202414404200000000000000                                                      000            
00100011R01  000 0000070116028106000000000001400027  00324700000005923740EMPRESA ABC                                                                                                   000000002603202400000000                                 
0010001300001P 01000007000000000000001800001             41220DEV180001      3004201800000000000050000000 02N05042018230042018000000000000100000000000000000000000000000000000000000000000000000000                         1900000090000000000 
0010001300002Q 011000063803588464ELIAS ALVES                             RUA ESQUERDA, 42                        BAIRRO QUELUZ  36400000CONSELHEIRO LAFMG0000000000000000                                        001                            
00100015         000004                                                                                                                                                                                                                         
00199999         000001000006                                                                                                                                                                                                                   