01REMESSA01COBRANCA       00000000000123456789EMPRESA ABC                   237BRADESCO       170324        MX0000001                                                                                                                                                                                                                                                                                     000001
1000000000000000000000000032400592374                         0000000000001800001000000000002N           2  01          05041800000000450400000000001N170324000000000000000000000000000000000000000000000000000000000000000100070116028106EDUARDO OLIVEIRA                        RUA JANDIRA LEAO CUNHA                              75140430                                                            000002
9                                                                                                                                                                                                                                                                                                                                                                                                         000003
