01REMESSA01COBRANCA       00000000000123456789EMPRESA ABC                   237BRADESCO       170324        MX0000001                                                                                                                                                                                                                                                                                     000001
9                                                                                                                                                                                                                                                                                                                                                                                                         000001