10400000         1000701160281060000000000000000000000324701123450000000EMPRESA ABC                   CAIXA                                   11903202422442000000010100000                                                                     
10400011R0100060 10000701160281060112345000000000000000324700000000000000EMPRESA ABC                                                                                                   000000001903202400000000                                 
1040001300001P 01003247011234500000000000000000000180000141221DEV180001      3004201800000000000050000000002N050420182300420180000000000001000000000000000000000000000000000000000000000000000000001800001                  1900000090000000000 
1040001300002Q 011000063803588464ELIAS ALVES                             RUA ESQUERDA, 42                        BAIRRO QUELUZ  36400000CONSELHEIRO LAFMG0000000000000000                                        001                            
10400015         000004000000000000000000000000000000000000000000000000000000000000000000000                                                                                                                                                    
10499999         000001000006                                                                                                                                                                                                                   