10400000         1000701160281060000000000000000000000324711234500000000EMPRESA ABC                   CAIXA                                   12003202421414600000010100000                                                                     
10400011R0100060 10000701160281061123450000000000000000324711234500000000EMPRESA ABC                                                                                                   000000002003202400000000                                 
1040001300001P 01003247011234500000000000000000000000000041221DEV180001      3004201800000000000050000000002N05042018230042018000000000000100000000000000000000000000000000000000000000000000000000DEV180001                1902000090000000000 
1040001300002Q 011000063803588464ELIAS ALVES                             RUA ESQUERDA, 42                        BAIRRO QUELUZ  36400000CONSELHEIRO LAFMG0000000000000000                                        000                            
10400015         000004000000000000000000000000000000000000000000000000000000000000000000000                                                                                                                                                    
10499999         000001000006                                                                                                                                                                                                                   