01REMESSA01COBRANCA       032400592374        EMPRESA ABC                   341BANCO ITAU SA  29022024                                                                                                                                                                                                                                                                                                      000001
9                                                                                                                                                                                                                                                                                                                                                                                                         000000