01REMESSA01COBRANCA       032400592374        EMPRESA ABC                   341BANCO ITAU SA  250324                                                                                                                                                                                                                                                                                                      000001
10239845082000100032400592374    0000                         018000010000000000000000                      01          05041800000000450403410000001N050418093200000000001950504180000000000000000000000000000000000000000100070116028106EDUARDO OLIVEIRA                        RUA JANDIRA LEAO CUNHA                  JK NOVA CAPI75140430ANAPOLIS       GO                                  00000030 000004
21050420180000000000000                                                                                                                                                                                                                                                                                                                                                                                   000003
10239845082000100032400592374    0000                         018000010000000000000000                      01          05041800000000450403410000001N050418093200000000001950504180000000000000000000000000000000000000000100070116028106EDUARDO OLIVEIRA                        RUA JANDIRA LEAO CUNHA                  JK NOVA CAPI75140430ANAPOLIS       GO                                  00000030 000004
9                                                                                                                                                                                                                                                                                                                                                                                                         000005