01REMESSA01COBRANCA       032400592374        EMPRESA ABC                   341BANCO ITAU SA  170324                                                                                                                                                                                                                                                                                                      000001
10239845082000100032400592374    0000                         018000010000000000000000                      01          05041800000000450403410032401N17032410  00000000000000504180000000000000000000000000000000000000000100070116028106EDUARDO OLIVEIRA                        RUA JANDIRA LEAO CUNHA                  JK NOVA CAPI75140430ANAPOLIS       GO                                  00000030 000002
10239845082000100032400592374    0000                         018000010000000000000000                      01          05041800000000450403410032401N170324093200000000001950504180000000000000000000000000000000000000000100070116028106EDUARDO OLIVEIRA                        RUA JANDIRA LEAO CUNHA                  JK NOVA CAPI75140430ANAPOLIS       GO                                  00000030 000003
9                                                                                                                                                                                                                                                                                                                                                                                                         000004