01REMESSA01COBRANCA       032400592374        EMPRESA ABC                   341BANCO ITAU SA  290224                                                                                                                                                                                                                                                                                                      000001
10239845082000100032400592374    0000                         018000010000000000000000                      01          05041800000000450403410000002N290224    00000000000000000000000000000000000000000000000000000000000100070116028106EDUARDO OLIVEIRA                        RUA JANDIRA LEAO CUNHA                  JK NOVA CAPI75140430ANAPOLIS       GO                                  00000000 000000
10239845082000100032400592374    0000                         018000010000000000000000                      01          05041800000000450403410000002N290224    00000000000000000000000000000000000000000000000000000000000100070116028106EDUARDO OLIVEIRA                        RUA JANDIRA LEAO CUNHA                  JK NOVA CAPI75140430ANAPOLIS       GO                                  00000000 000000
9                                                                                                                                                                                                                                                                                                                                                                                                         000000